<collection xmlns="http://www.loc.gov/MARC21/slim"><record><leader>00581nam  2200193   450</leader><controlfield tag="001">281</controlfield><controlfield tag="003">http://montalegre.opacnet.com/OPAC/default.aspx?ContentAreaControl=ShowRegHoldings.ascx&amp;RegNo=16662</controlfield><datafield tag="095" ind1=" " ind2=" "><subfield code="a">PTBN00781206</subfield></datafield><datafield tag="100" ind1=" " ind2=" "><subfield code="a">20061013d1973    m  y0pory010305  ba</subfield></datafield><datafield tag="101" ind1="1" ind2=" "><subfield code="a">por</subfield></datafield><datafield tag="102" ind1=" " ind2=" "><subfield code="a">PT</subfield></datafield><datafield tag="200" ind1="1" ind2=" "><subfield code="a">&lt;Os &gt;póneis selvagens</subfield><subfield code="f">Michel Déon</subfield><subfield code="g">trad. de Mário Varela Soares</subfield></datafield><datafield tag="210" ind1=" " ind2=" "><subfield code="a">Amadora</subfield><subfield code="c">Bertrand</subfield><subfield code="d">1973</subfield></datafield><datafield tag="215" ind1=" " ind2=" "><subfield code="a">481 p.</subfield><subfield code="d">20 cm</subfield></datafield><datafield tag="225" ind1="2" ind2=" "><subfield code="a">Autores universais</subfield></datafield><datafield tag="675" ind1=" " ind2=" "><subfield code="a">821</subfield></datafield><datafield tag="700" ind1=" " ind2="1"><subfield code="a">Déon</subfield><subfield code="b">Michel</subfield><subfield code="f">1919</subfield></datafield><datafield tag="702" ind1=" " ind2="1"><subfield code="a">Soares</subfield><subfield code="b">Mário Varela</subfield><subfield code="4">730</subfield></datafield><datafield tag="801" ind1=" " ind2="0"><subfield code="a">PT</subfield><subfield code="b">Biblioteca Municipal de Montalegre</subfield><subfield code="g">RPC</subfield></datafield><datafield tag="909" ind1="&#9;" ind2=" "><subfield code="a">1</subfield></datafield><datafield tag="966" ind1=" " ind2=" "><subfield code="a">0009765</subfield><subfield code="l">BMM</subfield><subfield code="s">SCG 821 DEO pón</subfield></datafield></record></collection>